
@book{IEEE:citation,
	author={IEEE},
	title={IEEE Citation Reference},
	edition={1},
	url={http://www.ieee.org/documents/ieeecitationref.pdf},
	urldate={2016-9-26},
	publisher={IEEE Publications},
	year={2016}
}

@misc{CIAA,
	author = {{Proyecto CIAA}},
	title = {Computadora Industrial Abierta Argentina},
	url = {http://proyecto-ciaa.com.ar/devwiki/doku.php?id=start},
	note = {Visitado el 2016-06-25},
	year = {2014}
}



@online{cese_gonzalo_memoria,
    author    = "Esp. Ing. Gonzalo Carreño",
    title     = "UBA/CESE - Robot de exploración ambiental",
    url       = "https://github.com/kronleuchter85/cese_proyecto_especializacion/blob/main/docs/TTFB_Memoria_Gonzalo_Carreno.pdf",
    keywords  = "latex,knuth"
}
